<record><leader>00000cas a22000007a 4500</leader><controlfield tag="001">10489237</controlfield><controlfield tag="008">840306d192619uuiludn ne      0   b0slo d</controlfield><datafield ind1=" " ind2=" " tag="010"><subfield code="a">sn 84024068 </subfield></datafield><datafield ind1=" " ind2=" " tag="040"><subfield code="a">NPV</subfield><subfield code="b">eng</subfield><subfield code="c">NPV</subfield><subfield code="d">NPW</subfield><subfield code="d">OCLCQ</subfield></datafield><datafield ind1="0" ind2=" " tag="041"><subfield code="a">slo</subfield><subfield code="a">cze</subfield></datafield><datafield ind1=" " ind2=" " tag="042"><subfield code="a">msc</subfield></datafield><datafield ind1=" " ind2=" " tag="043"><subfield code="a">n-us-il</subfield></datafield><datafield ind1="0" ind2="0" tag="245"><subfield code="a">Denni&#769;k Rovnost &#789;lu&#789;du =</subfield><subfield code="b">Daily equality of people.</subfield></datafield><datafield ind1="1" ind2="1" tag="246"><subfield code="a">Daily equality of people</subfield></datafield><datafield ind1="1" ind2="3" tag="246"><subfield code="a">Daily Rovnost &#789;lu&#789;du</subfield><subfield code="f">May 4, 1926</subfield></datafield><datafield ind1=" " ind2=" " tag="260"><subfield code="a">Chicago, Ill. :</subfield><subfield code="b">Rovnost &#789;L&#789;udu vydavatels&#789;ka&#769; spoloc&#780;nost &#789;v Amerike,</subfield><subfield code="c">1926-</subfield></datafield><datafield ind1=" " ind2=" " tag="300"><subfield code="a">volumes :</subfield><subfield code="b">illustrations ;</subfield><subfield code="c">56 cm</subfield></datafield><datafield ind1=" " ind2=" " tag="310"><subfield code="a">Daily (except Sunday)</subfield></datafield><datafield ind1=" " ind2=" " tag="336"><subfield code="a">text</subfield><subfield code="b">txt</subfield><subfield code="2">rdacontent</subfield></datafield><datafield ind1=" " ind2=" " tag="337"><subfield code="a">unmediated</subfield><subfield code="b">n</subfield><subfield code="2">rdamedia</subfield></datafield><datafield ind1=" " ind2=" " tag="338"><subfield code="a">volume</subfield><subfield code="b">nc</subfield><subfield code="2">rdacarrier</subfield></datafield><datafield ind1="0" ind2=" " tag="362"><subfield code="a">Roc&#780;. 20, c&#780;i&#769;s 1 (1 ma&#769;ja 1926)-</subfield></datafield><datafield ind1=" " ind2=" " tag="521"><subfield code="a">"Devoted to the interests of the laboring classes."</subfield></datafield><datafield ind1=" " ind2=" " tag="546"><subfield code="a">In Slovak or Czech.</subfield></datafield><datafield ind1=" " ind2=" " tag="752"><subfield code="a">United States</subfield><subfield code="b">Illinois</subfield><subfield code="c">Cook</subfield><subfield code="d">Chicago.</subfield></datafield><datafield ind1="0" ind2="0" tag="780"><subfield code="t">Rovnost &#789;lu&#789;du</subfield><subfield code="w">(DLC)sn 83045384</subfield></datafield><datafield ind1="1" ind2=" " tag="029"><subfield code="a">AU@</subfield><subfield code="b">000025830000</subfield></datafield></record>